Tax Effect Of Unusual Items,Tax Rate For Calcs,Normalized EBITDA,Total Unusual Items,Total Unusual Items Excluding Goodwill,Net Income From Continuing Operation Net Minority Interest,Reconciled Depreciation,Reconciled Cost Of Revenue,EBITDA,EBIT,Normalized Income,Net Income From Continuing And Discontinued Operation,Total Expenses,Diluted Average Shares,Basic Average Shares,Diluted EPS,Basic EPS,Diluted NI Availto Com Stockholders,Net Income Common Stockholders,Otherunder Preferred Stock Dividend,Net Income,Net Income Including Noncontrolling Interests,Net Income Discontinuous Operations,Net Income Continuous Operations,Tax Provision,Pretax Income,Other Non Operating Income Expenses,Special Income Charges,Write Off,Operating Income,Operating Expense,Other Operating Expenses,Depreciation And Amortization In Income Statement,Depreciation Income Statement,Selling General And Administration,General And Administrative Expense,Gross Profit,Cost Of Revenue,Total Revenue,Operating Revenue,Date
0.0,0.0,-594000.0,0.0,0.0,422000.0,3000.0,284000.0,-594000.0,-597000.0,422000.0,422000.0,597000.0,,,,,422000.0,422000.0,0.0,422000.0,422000.0,0.0,422000.0,0.0,422000.0,1019000.0,0.0,,-597000.0,313000.0,190000.0,3000.0,3000.0,120000.0,120000.0,-284000.0,284000.0,0.0,0.0,2024-03-31
0.0,0.0,-562000.0,0.0,0.0,1182000.0,3000.0,285000.0,-562000.0,-565000.0,1182000.0,1182000.0,565000.0,29550000.0,29550000.0,0.04,0.04,1182000.0,1182000.0,0.0,1182000.0,1182000.0,0.0,1182000.0,0.0,1182000.0,1747000.0,0.0,,-565000.0,280000.0,212000.0,3000.0,3000.0,65000.0,65000.0,-285000.0,285000.0,0.0,0.0,2023-12-31
0.0,0.0,-1125000.0,0.0,0.0,-108000.0,3000.0,326000.0,-1125000.0,-1128000.0,-108000.0,-108000.0,1128000.0,27125767.0,27125767.0,-0.003981,-0.003981,-108000.0,-108000.0,0.0,-108000.0,-108000.0,0.0,-108000.0,0.0,-108000.0,1020000.0,0.0,,-1128000.0,802000.0,531000.0,3000.0,3000.0,268000.0,268000.0,-326000.0,326000.0,0.0,0.0,2023-09-30
0.0,0.0,-1641000.0,0.0,0.0,-628000.0,2000.0,358000.0,-1641000.0,-1643000.0,-628000.0,-628000.0,1643000.0,31400000.0,31400000.0,-0.02,-0.02,-628000.0,-628000.0,0.0,-628000.0,-628000.0,0.0,-628000.0,0.0,-628000.0,1015000.0,0.0,,-1643000.0,1285000.0,1219000.0,2000.0,2000.0,64000.0,64000.0,-358000.0,358000.0,0.0,0.0,2023-06-30
0.0,0.0,-703000.0,0.0,0.0,2567000.0,2000.0,166000.0,-703000.0,-705000.0,2567000.0,2567000.0,705000.0,,,,,2567000.0,2567000.0,0.0,2567000.0,2567000.0,,2567000.0,0.0,2567000.0,385000.0,0.0,0.0,-705000.0,539000.0,-158000.0,2000.0,2000.0,384000.0,349000.0,-166000.0,166000.0,0.0,0.0,2023-03-31
,,,,,,,,,,,,,27125767.0,27125767.0,0.004829,0.004829,,,,,,0.0,,,,,,0.0,,,,,,,,,,,,2022-12-31
0.0,0.0,-1640000.0,0.0,0.0,-616000.0,3000.0,362000.0,-1640000.0,-1643000.0,-616000.0,-616000.0,1643000.0,30800000.0,30800000.0,-0.02,-0.02,-616000.0,-616000.0,0.0,-616000.0,-616000.0,0.0,-616000.0,0.0,-616000.0,1027000.0,0.0,,-1643000.0,1281000.0,1191000.0,3000.0,3000.0,87000.0,87000.0,-362000.0,362000.0,0.0,0.0,2024-06-30 00:00:00
0.0,0.0,-802000.0,0.0,0.0,245000.0,3000.0,300000.0,-802000.0,-805000.0,245000.0,245000.0,805000.0,24500000.0,24500000.0,0.01,0.01,245000.0,245000.0,0.0,245000.0,245000.0,0.0,245000.0,0.0,245000.0,1050000.0,0.0,,-805000.0,505000.0,397000.0,3000.0,3000.0,105000.0,105000.0,-300000.0,300000.0,0.0,0.0,2024-09-30 00:00:00
