Tax Effect Of Unusual Items,Tax Rate For Calcs,Normalized EBITDA,Total Unusual Items,Total Unusual Items Excluding Goodwill,Net Income From Continuing Operation Net Minority Interest,Reconciled Depreciation,EBITDA,EBIT,Normalized Income,Net Income From Continuing And Discontinued Operation,Total Expenses,Rent Expense Supplemental,Diluted Average Shares,Basic Average Shares,Diluted EPS,Basic EPS,Diluted NI Availto Com Stockholders,Net Income Common Stockholders,Otherunder Preferred Stock Dividend,Net Income,Net Income Including Noncontrolling Interests,Net Income Continuous Operations,Tax Provision,Pretax Income,Other Non Operating Income Expenses,Special Income Charges,Operating Income,Operating Expense,Other Operating Expenses,Depreciation And Amortization In Income Statement,Depreciation Income Statement,Rent And Landing Fees,Total Revenue,Operating Revenue,Date
0.0,0.221325,-17063000.0,0.0,0.0,36924000.0,5581000.0,-17063000.0,-22644000.0,36924000.0,36924000.0,167771000.0,8918000.0,,,,,36924000.0,36924000.0,0.0,36924000.0,36924000.0,36924000.0,10495000.0,47419000.0,61878000.0,0.0,-22644000.0,167771000.0,110872000.0,5581000.0,5581000.0,8918000.0,145127000.0,145127000.0,2024-03-31
0.0,0.284671,-8375000.0,0.0,0.0,36323000.0,5802000.0,-8375000.0,-14177000.0,36323000.0,36323000.0,163641000.0,7781000.0,15071784.0,15071784.0,2.41,2.41,36323000.0,36323000.0,0.0,36323000.0,36323000.0,36323000.0,14455000.0,50778000.0,55774000.0,0.0,-14177000.0,163641000.0,108996000.0,5802000.0,5802000.0,7781000.0,149464000.0,149464000.0,2023-12-31
0.0,0.392364,-13181000.0,0.0,0.0,31766000.0,6406000.0,-13181000.0,-19587000.0,31766000.0,31766000.0,163204000.0,7926000.0,15126667.0,15126667.0,2.1,2.1,31766000.0,31766000.0,0.0,31766000.0,31766000.0,31766000.0,20512000.0,52278000.0,64855000.0,0.0,-19587000.0,163204000.0,106777000.0,6406000.0,6406000.0,7926000.0,143617000.0,143617000.0,2023-09-30
0.0,0.27909,-22912000.0,0.0,0.0,28171000.0,8303000.0,-22912000.0,-31215000.0,28171000.0,28171000.0,173870000.0,7897000.0,15064706.0,15064706.0,1.87,1.87,28171000.0,28171000.0,0.0,28171000.0,28171000.0,28171000.0,10906000.0,39077000.0,63611000.0,0.0,-31215000.0,173870000.0,115695000.0,8303000.0,8303000.0,7897000.0,142655000.0,142655000.0,2023-06-30
0.0,0.010391,7720000.0,,,115429000.0,10642000.0,7720000.0,-2922000.0,115429000.0,115429000.0,179231000.0,8295000.0,,,,,115429000.0,115429000.0,0.0,115429000.0,115429000.0,115429000.0,1212000.0,116641000.0,31774000.0,,-2922000.0,179231000.0,-12779000.0,10642000.0,10642000.0,8295000.0,176309000.0,176309000.0,2023-03-31
,,,0.0,0.0,,,,,,,,,15107051.0,15107051.0,1.56,1.56,,,,,,,,,,0.0,,,,,,,,,2022-12-31
0.0,0.180289,-26114000.0,,,28994000.0,3649000.0,-26114000.0,-29763000.0,28994000.0,28994000.0,153797000.0,9385000.0,15101042.0,15101042.0,1.92,1.92,28994000.0,28994000.0,0.0,28994000.0,28994000.0,28994000.0,6377000.0,35371000.0,60267000.0,,-29763000.0,153797000.0,111620000.0,3649000.0,3649000.0,9385000.0,124034000.0,124034000.0,2024-06-30 00:00:00
0.0,0.134234,-28429000.0,,,31223000.0,3689000.0,-28429000.0,-32118000.0,31223000.0,31223000.0,154473000.0,8819000.0,15083575.0,15083575.0,2.07,2.07,31223000.0,31223000.0,0.0,31223000.0,31223000.0,31223000.0,4841000.0,36064000.0,61302000.0,,-32118000.0,154473000.0,118471000.0,3689000.0,3689000.0,8819000.0,122355000.0,122355000.0,2024-09-30 00:00:00
